@article{Rest2013,
  title={{Robust Real-Time Synchronization between Textual and Graphical Editors}},
  author={van Rest, Oskar and Wachsmuth, Guido and Steel, Jim and Süß, Joern Guy and Visser, Eelco},
  journal={Proceedings of ICMT '13},
  volume={7909},
  pages={92--107},
  year={2013},
  publisher={Springer}
}

@article{Halilaj2016,
  title={{VoCol: An Integrated Environment to Support Vocabulary Development with Version Control Systems}},
  author={Halilaj, Lavdim and Petersen, Niklas and Grangel-González, Irlán and Lange, Christoph and Auer, Sören and Coskun, Gökhan and Lohmann, Steffen},
  journal={1st Smart Data Innovation Conference (SDIC)},
  year={2016}
}

@article{Kapoor2010,
  title={{A Comparative Study Ontology Building Tools for Semantic Web Applications}},
  author={Kapoor, Bhaskar and Sharma, Savita},
  journal={International Journal of Web and Semantic Technology (IJWesT)},
  volume={1},
  number={3},
  pages={1--13},
  year={2010}
}

@misc{Steer2002,
  title = {{MEG Client Software Review}},
  author = {Steer, Damian},
  howpublished = {\url{http://www.ukoln.ac.uk/metadata/education/regproj/review}},
  note = {Accessed: 27-Oct-2016}
}

@article{Tudorache2008,
  title={{Web-Protégé: A Lightweight OWL Ontology Editor for the Web}},
  author={Tudorache, Tania and Vendetti, Jennifer and Noy, Natalia F.},
  journal={5th OWL Experiences and Directions Workshop (OWLED 2008)},
  year={2008}
}

@inproceedings{Brade2013,
  title={{OntoSketch: Towards Digital Sketching as a Tool for Creating and Extending Ontologies for Non-Experts}},
  author={Brade, Marius and Schneider, Florian and Salmen, Angelika and Groh, Rainer},
  booktitle={13th Int. Conf. on Knowledge Management and Knowledge Technologies (I-KNOW)},
  pages     = {9:1--9:8},  
  publisher = {ACM},
  year={2013}
}

@article{Telea2002,
  title={{An Open Toolkit for Prototyping Reverse Engineering Visualization}},
  author={Telea, A. and Maccari, A. and Riva, C.},
  journal={IEEE EG VisSym ’02},
  pages={241--250},
  year={2002}
}

@article{Telea2003,
  title={{Visualisation of RDF(S)-based Information}},
  author={Telea, A. and Frasincar, A. and Houben, Geert-Jan},
  journal={Proc. of 7th Intl. Conf. on Information Visualization (IV 2003)},
  pages={294--299},
  year={2003}
}

@article{Mutton2003,
  title={{Visualization of Semantic Metadata and Ontologies}},
  author={Mutton, Paul and Golbeck, Jennfier},
  journal={Seventh International Conference on Information Visualization (IV03), IEEE},
  pages={300--305},
  year={2003}
}

@article{Fruchterman1991,
  title={{Graph Drawing by Force-directed Placement}},
  author={Fruchterman, T. M. J. and Reingold, E.M.},
  journal={Software – Practice and Experience},
  volume={21},
  number={11},
  pages={1129--1164},
  year={1991}
}

@article{Petersen2016,
  title={{TurtleEditor: An Ontology-Aware Web-Editor for Collaborative Ontology Development}},
  author={Petersen, Niklas and Coskun, Gökhan and Lange, Christoph},
  journal={10th International Conference on Semantic Computing (ICSC)},
  year={2016}
}

@article{Kamada1989,
  title={{An Algorithm for Drawing General Undirected Graphs}},
  author={Kamada, Tomihisa and Kawai, Satoru},
  journal={Information Processing Letters},
  volume={31},
  number={1},
  pages={7--15},
  year={1989}
}

@article{Barnes1986,
  title={{A Hierarchical O(N log N) Force-Calculation Algorithm}},
  author={Barnes, J. and Hut, P.},
  journal={Nature},
  volume={324},
  number={4},
  pages={446--449},
  year={1986}
}

@misc{Manola2004,
  title = {{RDF Primer}},
  author = {Manola, Frank and Miller, Eric},
  howpublished = {\url{https://www.w3.org/TR/2004/REC-rdf-primer-20040210}},
  note = {Accessed: 30-Dec-2016}
}

@misc{Beckett2014,
  title = {{RDF 1.1 Turtle}},
  author = {Beckett, David and Berners-Lee, Tim and Prud'hommeaux, Eric and Carothers, Gavin and Machina, Lex},
  howpublished = {\url{https://www.w3.org/TR/turtle}},
  note = {Accessed: 30-Dec-2016}
}

@article{Lohmann2015,
  title={{Visualizing Ontologies with VOWL}},
  author={Lohmann, Steffen and Negru, Stefan and Haag, Florian and Ertl, Thomas},
  journal={Semantic Web Journal},
  year={2015}
}

@article{Berners-Lee2001,
  title={{The Semantic Web}},
  author={Berners-Lee, Tim and Hendler, James and Lassila, Ora},
  journal={Scientific American},
  volume={284},
  number={5},
  pages={34--43},
  year={2001}
}

